@techreport{user_guide,
	author = "F. Schmidt",
	title = "{SIXTRACK}: Single particle tracking code treating transverse motion with synchrotron oscillations in a symplectic manner",
        institution = "{CERN}",
        number = "94-56",
	year = "1994"
}

@techreport{racetrack,
	author = "A. Wrulich",
	title = "{RACETRACK}: a computer code for the nonlinear particle motion in accelerators",
        institution = {DESY},
	number = "84-026",
	year = "1984"
}

@techreport{beamoptics,
	author = "F. Willeke and G. Ripken",
	title = "Methods of Beam Optics",
        institution = {DESY},
	number = "88-114",
	year = "1988"
}

@techreport{beam_beam,
	author = "L.H.A. Leunissen and F. Schmidt and G. Ripken",
	title = "{6D} Beam-Beam Kick including Coupled Motion",
	institution = "",
        number = "",
	year = "2001"
}

@techreport{rf_multipoles,
	author = "A. Latina and R. De Maria",
	title = "{RF} multipole implementation",
	institution = "CERN-ATS",
        note = "2012-088"
}

@techreport{ripken85,
	author = "G. Ripken",
	title = "Non-Linear Canonical Equations of Coupled Synchro-Betatron Motion and their Solutions within the Framework of a Non-Linear Six-Dimensional (Symplectic) Tracking Program for Ultrarelativistic Protons",
        institution = {DESY},
	number = "85-084",
	year = "1985"
}

@techreport{barber87,
	author = "D.P. Barber and G. Ripken and F. Schmidt",
	title = "A non-linear canonical formalism for the coupled synchro-betatron motion of protons with arbitrary energy",
        institution = {DESY},
	number = "87-36",
        year = "1987"
}

@techreport{ripken95,
	author = "G. Ripken and F. Schmidt",
	title = "A symplectic Six-Dimensional Thin-Lens Formalism for Tracking",
        institution = {DESY, CERN},
	number = "DESY 95-63 and CERN/SL/95-12(AP)",
        year = "1995"
}

@techreport{heinemann95,
	author = "K. Heinemann and G. Ripken and F. Schmidt",
	title = "Construction of nonlinear symplectic six-dimensional thin-lens maps by exponentiation",
        institution = {DESY},
	number = "95-189",
        year = "1995"
}

@techreport{barber96,
	author = "D.P. Barber and K. Heinemann and G. Ripken and F. Schmidt",
	title = "Symplectic thin-lens transfer maps for {SIXTRACK}: Treatment of bending magnets in terms of the exact Hamiltonian",
        institution = {DESY},
	number = "96-156",
        year = "1996"
}

@techreport{mad8phys,
	author = "F.~C.~Iselin",
	title = "The MAD Program (Methodical Accelerator Design), Physics Methods Manual",
        institution = "{CERN}",
        number = "CERN/SL/92-??",
	year = "1992"
}

@techreport{willeke88,
	author = "F. Willeke and G. Ripken",
	title = "Methods of Beam Optics",
        institution = {DESY},
	number = "88-114",
        year = "1988"
}

@book{forest99,
	author = "E. Forest",
	title = "Beam Dynamics: A New Attitude and Framework",
        publisher = "Harcourt Academic Publisher",
        year = "1999"
}

@article{Valishev:wire,
	author         = "Valishev, A. and Stancari, G.",
	title          = "Electron Lens as Beam-Beam Wire Compensator in {HL-LHC}",
	year           = "2013",
	reportNumber   = "FERMILAB-TM-2571-APC",
}

@phdthesis{HReLens,
           month = {April},
           title = {MERLIN for High Luminosity Large Hadron Collider
Collimation},
          school = {University of Huddersfield},
          author = {Haroon Rafique},
            year = {2017},
             url = {http://eprints.hud.ac.uk/id/eprint/32605/},
}

@book{Shiltsev:2112966,
      author        = "Shiltsev, Vladimir D",
      title         = "{Electron lenses for super-colliders}",
      publisher     = "Springer",
      address       = "New York, NY",
      series        = "Particle acceleration and detection",
      year          = "2016",
      url           = "http://cds.cern.ch/record/2112966",
}

@thesis{Hermes:2241364,
      author        = "Hermes, Pascal Dominik and Wessels, Johannes Peter and
                       Bruce, Roderik",
      title         = "{Heavy-Ion Collimation at the Large Hadron Collider:
                       Simulations and Measurements}",
      month         = "Sep",
      year          = "2016",
      reportNumber  = "CERN-THESIS-2016-230",
      url           = "http://cds.cern.ch/record/2241364",
      note          = "Presented 19 Dec 2016",
}

@techreport{stancari:cheby,
	author = "G. Stancari",
	title = "Calculation of the transverse kicks generated by the bends of a hollow electron lens",
        institution = {FermiLab},
	number = "FERMILAB-FN-0972-APC",
        year = "2014"
}

